@misc{sqlc_injection,
  author       = {Kyle Gray},
  title        = {sqlc GitHub Repository Q \& A},
  howpublished = {\url{https://github.com/sqlc-dev/sqlc/discussions/3577}},
  year         = {2024},
  note         = {Accessed: 2024-12-10}
}

@misc{sqlc_introduction,
  author       = {Kyle Gray},
  title        = {Introducing sqlc - Compile SQL queries to type-safe Go},
  howpublished = {\url{https://conroy.org/introducing-sqlc}},
  year         = {2019},
  note         = {Accessed: 2024-12-10}
}

@misc{sqlc_documentation_language_support,
  author       = {Kyle Gray},
  title        = {sqlc Language and Database Support},
  howpublished = {\url{https://docs.sqlc.dev/en/latest/reference/language-support.html}},
  year         = {2024},
  note         = {Accessed: 2024-12-10}
}
