@misc{loginradius2023,
  author       = {{LoginRadius}},
  title        = {Identity Management in Cloud Computing},
  year         = {2023},
  howpublished = {\url{https://www.loginradius.com/blog/identity/identity-management-in-cloud-computing/}},
  note         = {Accessed: 2023-04-14}
}

@misc{secureauth2023,
  title        = {Navigating a Successful IAM Cloud Migration},
  howpublished = {\url{https://www.secureauth.com/resource/navigating-a-successful-iam-cloud-migration/}},
  note         = {Accessed: 2023-04-14},
  year         = {2023}
}

@article{ahmadi2024cloud,
  author  = {Ahmadi, Sina},
  title   = {Systematic Literature Review on Cloud Computing Security: Threats and Mitigation Strategies},
  journal = {International Journal of Information Security},
  year    = {2024},
  volume  = {15},
  number  = {02},
  pages   = {148-167},
  doi     = {10.4236/jis.2024.152010},
  url     = {https://hal.science/hal-04524014},
  note    = {Accessed: 2023-04-14}
}

@misc{gdpr-info,
  title        = {GDPR-info.eu},
  howpublished = {\url{https://gdpr-info.eu/}},
  note         = {Accessed: 2023-04-14},
  year         = {2023}
}

@misc{aws_soa,
  author       = {{Amazon Web Services}},
  title        = {What is Service-Oriented Architecture?},
  year         = {2024},
  howpublished = {\url{https://aws.amazon.com/what-is/service-oriented-architecture/}},
  note         = {Accessed: 2024-04-14}
}

@misc{duo_docs,
  author       = {{Duo Security}},
  title        = {Duo Documentation},
  year         = {2024},
  howpublished = {\url{https://duo.com/docs}},
  note         = {Accessed: 2024-04-14}
}

@misc{microsoft_entra,
  author       = {{Microsoft}},
  title        = {Microsoft Entra Identity Documentation},
  howpublished = {\url{https://learn.microsoft.com/en-us/entra/identity/}},
  year         = {2024},
  note         = {Accessed: 2024-04-14}
}

@misc{tenfold_docs,
  author       = {{Tenfold}},
  title        = {Tenfold Documentation},
  year         = {2024},
  howpublished = {\url{https://docs.tenfold.com/en/index-en.html}},
  note         = {Accessed: 2024-04-14}
}

@misc{usdoe_ferpa,
  author       = {{U.S. Department of Education}},
  title        = {Family Educational Rights and Privacy Act (FERPA)},
  year         = {2024},
  howpublished = {\url{https://www2.ed.gov/policy/gen/guid/fpco/ferpa/index.html}},
  note         = {Accessed: 2024-04-14}
}

@inproceedings{zvonarev2023elt,
  title        = {Extract-Load-Transform (ELT) Process Runtime Analysis and Optimization},
  author       = {Zvonarev, Aleksei E. and Gudilin, Dmitriy S. and Lychagin, Dmitriy A. and Goryachkin, Boris S.},
  booktitle    = {Proceedings of the International Youth Conference on Radio Electronics, Electrical and Power Engineering (REEPE)},
  year         = {2023},
  pages        = {1--10},
  organization = {IEEE},
  address      = {Moscow, Russian Federation},
  doi          = {10.1109/REEPE57272.2023.10086728}
}





